@inproceedings{Caminada06,
  author    = {Martin Caminada},
  title     = {On the Issue of Reinstatement in Argumentation},
  booktitle = {JELIA},
  year      = {2006},
  pages     = {111-123},
  ee        = {http://dx.doi.org/10.1007/11853886_11},
  crossref  = {DBLP:conf/jelia/2006},
  bibsource = {DBLP, http://dblp.uni-trier.de}
}

@proceedings{DBLP:conf/jelia/2006,
  editor    = {Michael Fisher and
               Wiebe van der Hoek and
               Boris Konev and
               Alexei Lisitsa},
  title     = {Logics in Artificial Intelligence, 10th European Conference,
               JELIA 2006, Liverpool, UK, September 13-15, 2006, Proceedings},
  booktitle = {JELIA},
  publisher = {Springer},
  series    = {Lecture Notes in Computer Science},
  volume    = {4160},
  year      = {2006},
  isbn      = {3-540-39625-X},
  bibsource = {DBLP, http://dblp.uni-trier.de}
}

@inproceedings{Grossi:2010,
 author = {Grossi, Davide},
 title = {On the logic of argumentation theory},
 booktitle = {Proceedings of the 9th International Conference on Autonomous Agents and Multiagent Systems: volume 1 - Volume 1},
 series = {AAMAS '10},
 year = 2010,
 isbn = {978-0-9826571-1-9},
 location = {Toronto, Canada},
 pages = {409--416},
 numpages = 8,
 url = {http://dl.acm.org/citation.cfm?id=1838206.1838264},
 acmid = 1838264,
 publisher = {International Foundation for Autonomous Agents and Multiagent Systems},
 address = {Richland, SC},
 keywords = {argumentation theory, modal logic},
} 
