

@Book
{calfee-1991,
  author = {Calfee, R. C. and Valencia, R. R.},
  year = {1991},
  title = {{APA guide to preparing manuscripts for journal publication.}},
  address = {Washington, DC},
  publisher = {American Psychological Association.},
}


@InCollection
{dod-1999,
  author = {Dod, J.},
  year = {1999},
  title = {{Effective substances}},
  booktitle = {{The dictionary of substances and their effects}},
  publisher = {Royal Society of Chemistry, Available via DIALOG},
  note = {\url{http://www.rsc.org/dose/Effective substances}. Cited 15 Jan 1999},
}

@Article
{harris-et-al,
  author = {Harris, M. and Karper, E. and Stacks, G. and Hoffman, D. and DeNiro, R. and Cruz, P. and {{et al.}}},
  year = {2001},
  title = {{Writing labs and the Hollywood connection}},
  journal = {J Film Writing},
  volume = {44},
  number = {3},
  pages = {213--245},
}


@InCollection
{oneil-et-al,
  author = {O'Neil, J. M. and Egan, J.},
  year = {1992},
  title = {{Men's and women's gender role journeys: Metaphor for
     healing, transition, and transformation}},
  editor = {B. R. Wainrig},
  booktitle = {{Gender issues across the life cycle}},
  pages = {107--123)},
  address = {New York},
  publisher = {Springer},
}
